%YAML 1.1
%TAG !u! tag:unity3d.com,2011:
--- !u!1 &94389950549745367
GameObject:
  m_ObjectHideFlags: 0
  m_CorrespondingSourceObject: {fileID: 0}
  m_PrefabInstance: {fileID: 0}
  m_PrefabAsset: {fileID: 0}
  serializedVersion: 6
  m_Component:
  - component: {fileID: 4223029597448524394}
  - component: {fileID: 3237166368983506437}
  - component: {fileID: 3303983663270952561}
  - component: {fileID: 4115639387531455335}
  m_Layer: 5
  m_Name: Canvas
  m_TagString: Untagged
  m_Icon: {fileID: 0}
  m_NavMeshLayer: 0
  m_StaticEditorFlags: 0
  m_IsActive: 1
--- !u!224 &4223029597448524394
RectTransform:
  m_ObjectHideFlags: 0
  m_CorrespondingSourceObject: {fileID: 0}
  m_PrefabInstance: {fileID: 0}
  m_PrefabAsset: {fileID: 0}
  m_GameObject: {fileID: 94389950549745367}
  m_LocalRotation: {x: -0, y: -0, z: -0, w: 1}
  m_LocalPosition: {x: 0, y: 0, z: 0}
  m_LocalScale: {x: 1, y: 1, z: 0}
  m_Children:
  - {fileID: 304395397018325514}
  - {fileID: 6270238495072613668}
  m_Father: {fileID: 5959433047485696356}
  m_RootOrder: 0
  m_LocalEulerAnglesHint: {x: 0, y: 0, z: 0}
  m_AnchorMin: {x: 0, y: 0}
  m_AnchorMax: {x: 0, y: 0}
  m_AnchoredPosition: {x: -100, y: -50}
  m_SizeDelta: {x: 200, y: 100}
  m_Pivot: {x: 0, y: 0}
--- !u!223 &3237166368983506437
Canvas:
  m_ObjectHideFlags: 0
  m_CorrespondingSourceObject: {fileID: 0}
  m_PrefabInstance: {fileID: 0}
  m_PrefabAsset: {fileID: 0}
  m_GameObject: {fileID: 94389950549745367}
  m_Enabled: 1
  serializedVersion: 3
  m_RenderMode: 2
  m_Camera: {fileID: 0}
  m_PlaneDistance: 100
  m_PixelPerfect: 0
  m_ReceivesEvents: 1
  m_OverrideSorting: 0
  m_OverridePixelPerfect: 0
  m_SortingBucketNormalizedSize: 0
  m_AdditionalShaderChannelsFlag: 0
  m_SortingLayerID: 0
  m_SortingOrder: 2
  m_TargetDisplay: 0
--- !u!114 &3303983663270952561
MonoBehaviour:
  m_ObjectHideFlags: 0
  m_CorrespondingSourceObject: {fileID: 0}
  m_PrefabInstance: {fileID: 0}
  m_PrefabAsset: {fileID: 0}
  m_GameObject: {fileID: 94389950549745367}
  m_Enabled: 1
  m_EditorHideFlags: 0
  m_Script: {fileID: 11500000, guid: 0cd44c1031e13a943bb63640046fad76, type: 3}
  m_Name: 
  m_EditorClassIdentifier: 
  m_UiScaleMode: 0
  m_ReferencePixelsPerUnit: 100
  m_ScaleFactor: 1
  m_ReferenceResolution: {x: 800, y: 600}
  m_ScreenMatchMode: 0
  m_MatchWidthOrHeight: 0
  m_PhysicalUnit: 3
  m_FallbackScreenDPI: 96
  m_DefaultSpriteDPI: 96
  m_DynamicPixelsPerUnit: 1
--- !u!114 &4115639387531455335
MonoBehaviour:
  m_ObjectHideFlags: 0
  m_CorrespondingSourceObject: {fileID: 0}
  m_PrefabInstance: {fileID: 0}
  m_PrefabAsset: {fileID: 0}
  m_GameObject: {fileID: 94389950549745367}
  m_Enabled: 1
  m_EditorHideFlags: 0
  m_Script: {fileID: 11500000, guid: dc42784cf147c0c48a680349fa168899, type: 3}
  m_Name: 
  m_EditorClassIdentifier: 
  m_IgnoreReversedGraphics: 1
  m_BlockingObjects: 0
  m_BlockingMask:
    serializedVersion: 2
    m_Bits: 4294967295
--- !u!1 &6345909852439369958
GameObject:
  m_ObjectHideFlags: 0
  m_CorrespondingSourceObject: {fileID: 0}
  m_PrefabInstance: {fileID: 0}
  m_PrefabAsset: {fileID: 0}
  serializedVersion: 6
  m_Component:
  - component: {fileID: 6270238495072613668}
  - component: {fileID: 8796586793651518809}
  - component: {fileID: 7703833612107430646}
  m_Layer: 5
  m_Name: Text
  m_TagString: Untagged
  m_Icon: {fileID: 0}
  m_NavMeshLayer: 0
  m_StaticEditorFlags: 0
  m_IsActive: 1
--- !u!224 &6270238495072613668
RectTransform:
  m_ObjectHideFlags: 0
  m_CorrespondingSourceObject: {fileID: 0}
  m_PrefabInstance: {fileID: 0}
  m_PrefabAsset: {fileID: 0}
  m_GameObject: {fileID: 6345909852439369958}
  m_LocalRotation: {x: -0, y: -0, z: -0, w: 1}
  m_LocalPosition: {x: 0, y: 0, z: 0}
  m_LocalScale: {x: 1, y: 1, z: 0}
  m_Children: []
  m_Father: {fileID: 4223029597448524394}
  m_RootOrder: 1
  m_LocalEulerAnglesHint: {x: 0, y: 0, z: 0}
  m_AnchorMin: {x: 0.5, y: 0.5}
  m_AnchorMax: {x: 0.5, y: 0.5}
  m_AnchoredPosition: {x: 0, y: 0}
  m_SizeDelta: {x: 200, y: 100}
  m_Pivot: {x: 0.5, y: 0.5}
--- !u!222 &8796586793651518809
CanvasRenderer:
  m_ObjectHideFlags: 0
  m_CorrespondingSourceObject: {fileID: 0}
  m_PrefabInstance: {fileID: 0}
  m_PrefabAsset: {fileID: 0}
  m_GameObject: {fileID: 6345909852439369958}
  m_CullTransparentMesh: 0
--- !u!114 &7703833612107430646
MonoBehaviour:
  m_ObjectHideFlags: 0
  m_CorrespondingSourceObject: {fileID: 0}
  m_PrefabInstance: {fileID: 0}
  m_PrefabAsset: {fileID: 0}
  m_GameObject: {fileID: 6345909852439369958}
  m_Enabled: 1
  m_EditorHideFlags: 0
  m_Script: {fileID: 11500000, guid: 5f7201a12d95ffc409449d95f23cf332, type: 3}
  m_Name: 
  m_EditorClassIdentifier: 
  m_Material: {fileID: 0}
  m_Color: {r: 0.6509434, g: 0.0521983, b: 0.0521983, a: 1}
  m_RaycastTarget: 1
  m_Maskable: 1
  m_OnCullStateChanged:
    m_PersistentCalls:
      m_Calls: []
  m_FontData:
    m_Font: {fileID: 10102, guid: 0000000000000000e000000000000000, type: 0}
    m_FontSize: 25
    m_FontStyle: 3
    m_BestFit: 0
    m_MinSize: 0
    m_MaxSize: 100
    m_Alignment: 4
    m_AlignByGeometry: 0
    m_RichText: 1
    m_HorizontalOverflow: 0
    m_VerticalOverflow: 0
    m_LineSpacing: 1
  m_Text: Boss
--- !u!1 &6560664193515932122
GameObject:
  m_ObjectHideFlags: 0
  m_CorrespondingSourceObject: {fileID: 0}
  m_PrefabInstance: {fileID: 0}
  m_PrefabAsset: {fileID: 0}
  serializedVersion: 6
  m_Component:
  - component: {fileID: 1359778844307551385}
  - component: {fileID: 8397349077965594044}
  - component: {fileID: 1968587171576518482}
  m_Layer: 0
  m_Name: BossInDungeon
  m_TagString: Boss
  m_Icon: {fileID: 0}
  m_NavMeshLayer: 0
  m_StaticEditorFlags: 0
  m_IsActive: 1
--- !u!4 &1359778844307551385
Transform:
  m_ObjectHideFlags: 0
  m_CorrespondingSourceObject: {fileID: 0}
  m_PrefabInstance: {fileID: 0}
  m_PrefabAsset: {fileID: 0}
  m_GameObject: {fileID: 6560664193515932122}
  m_LocalRotation: {x: 0, y: 0, z: 0, w: 1}
  m_LocalPosition: {x: 0, y: 0, z: 0}
  m_LocalScale: {x: 1, y: 1, z: 1}
  m_Children:
  - {fileID: 5959433047485696356}
  m_Father: {fileID: 0}
  m_RootOrder: 0
  m_LocalEulerAnglesHint: {x: 0, y: 0, z: 0}
--- !u!212 &8397349077965594044
SpriteRenderer:
  m_ObjectHideFlags: 0
  m_CorrespondingSourceObject: {fileID: 0}
  m_PrefabInstance: {fileID: 0}
  m_PrefabAsset: {fileID: 0}
  m_GameObject: {fileID: 6560664193515932122}
  m_Enabled: 1
  m_CastShadows: 0
  m_ReceiveShadows: 0
  m_DynamicOccludee: 1
  m_MotionVectors: 1
  m_LightProbeUsage: 1
  m_ReflectionProbeUsage: 1
  m_RayTracingMode: 0
  m_RenderingLayerMask: 1
  m_RendererPriority: 0
  m_Materials:
  - {fileID: 10754, guid: 0000000000000000f000000000000000, type: 0}
  m_StaticBatchInfo:
    firstSubMesh: 0
    subMeshCount: 0
  m_StaticBatchRoot: {fileID: 0}
  m_ProbeAnchor: {fileID: 0}
  m_LightProbeVolumeOverride: {fileID: 0}
  m_ScaleInLightmap: 1
  m_ReceiveGI: 1
  m_PreserveUVs: 0
  m_IgnoreNormalsForChartDetection: 0
  m_ImportantGI: 0
  m_StitchLightmapSeams: 1
  m_SelectedEditorRenderState: 0
  m_MinimumChartSize: 4
  m_AutoUVMaxDistance: 0.5
  m_AutoUVMaxAngle: 89
  m_LightmapParameters: {fileID: 0}
  m_SortingLayerID: 0
  m_SortingLayer: 0
  m_SortingOrder: 2
  m_Sprite: {fileID: 21300000, guid: 18334932f13604d4bb406780de524661, type: 3}
  m_Color: {r: 0, g: 0, b: 0, a: 1}
  m_FlipX: 0
  m_FlipY: 0
  m_DrawMode: 0
  m_Size: {x: 7.68, y: 7.68}
  m_AdaptiveModeThreshold: 0.5
  m_SpriteTileMode: 0
  m_WasSpriteAssigned: 1
  m_MaskInteraction: 0
  m_SpriteSortPoint: 0
--- !u!60 &1968587171576518482
PolygonCollider2D:
  m_ObjectHideFlags: 0
  m_CorrespondingSourceObject: {fileID: 0}
  m_PrefabInstance: {fileID: 0}
  m_PrefabAsset: {fileID: 0}
  m_GameObject: {fileID: 6560664193515932122}
  m_Enabled: 1
  m_Density: 1
  m_Material: {fileID: 0}
  m_IsTrigger: 0
  m_UsedByEffector: 0
  m_UsedByComposite: 0
  m_Offset: {x: 0, y: 0}
  m_SpriteTilingProperty:
    border: {x: 0, y: 0, z: 0, w: 0}
    pivot: {x: 0.5, y: 0.5}
    oldSize: {x: 0.768, y: 0.768}
    newSize: {x: 7.68, y: 7.68}
    adaptiveTilingThreshold: 0.5
    drawMode: 0
    adaptiveTiling: 0
  m_AutoTiling: 0
  m_Points:
    m_Paths:
    - - {x: 0.254, y: -0.335}
      - {x: 0.25500003, y: -0.33100003}
      - {x: 0.24900001, y: -0.317}
      - {x: 0.24000001, y: -0.29700002}
      - {x: 0.24000001, y: -0.293}
      - {x: 0.23400001, y: -0.287}
      - {x: 0.223, y: -0.264}
      - {x: 0.21400002, y: -0.25500003}
      - {x: 0.216, y: -0.25100002}
      - {x: 0.215, y: -0.22000001}
      - {x: 0.21200001, y: -0.20700002}
      - {x: 0.209, y: -0.19600001}
      - {x: 0.201, y: -0.19000001}
      - {x: 0.201, y: -0.185}
      - {x: 0.22000001, y: -0.185}
      - {x: 0.23, y: -0.178}
      - {x: 0.23300001, y: -0.17500001}
      - {x: 0.24000001, y: -0.164}
      - {x: 0.24200001, y: -0.158}
      - {x: 0.246, y: -0.15200001}
      - {x: 0.25100002, y: -0.132}
      - {x: 0.25500003, y: -0.112}
      - {x: 0.256, y: -0.09900001}
      - {x: 0.25500003, y: -0.054}
      - {x: 0.25800002, y: -0.053000003}
      - {x: 0.259, y: -0.049000002}
      - {x: 0.254, y: -0.040000003}
      - {x: 0.257, y: -0.030000001}
      - {x: 0.25100002, y: -0.030000001}
      - {x: 0.25, y: -0.017}
      - {x: 0.264, y: -0.014}
      - {x: 0.26900002, y: -0.010000001}
      - {x: 0.27800003, y: 0.008}
      - {x: 0.28500003, y: 0.015000001}
      - {x: 0.28300002, y: 0.020000001}
      - {x: 0.291, y: 0.028}
      - {x: 0.291, y: 0.040000003}
      - {x: 0.30200002, y: 0.040000003}
      - {x: 0.30800003, y: 0.045}
      - {x: 0.317, y: 0.053000003}
      - {x: 0.319, y: 0.056}
      - {x: 0.32000002, y: 0.068}
      - {x: 0.32200003, y: 0.078}
      - {x: 0.32200003, y: 0.085}
      - {x: 0.319, y: 0.096}
      - {x: 0.31100002, y: 0.09900001}
      - {x: 0.272, y: 0.115}
      - {x: 0.277, y: 0.12100001}
      - {x: 0.263, y: 0.124000005}
      - {x: 0.256, y: 0.13000001}
      - {x: 0.252, y: 0.132}
      - {x: 0.246, y: 0.13900001}
      - {x: 0.23900001, y: 0.142}
      - {x: 0.22600001, y: 0.15100001}
      - {x: 0.21300001, y: 0.15900001}
      - {x: 0.187, y: 0.172}
      - {x: 0.18400002, y: 0.178}
      - {x: 0.18100001, y: 0.17400001}
      - {x: 0.179, y: 0.172}
      - {x: 0.15400001, y: 0.18100001}
      - {x: 0.147, y: 0.18200001}
      - {x: 0.135, y: 0.193}
      - {x: 0.135, y: 0.19700001}
      - {x: 0.123, y: 0.208}
      - {x: 0.104, y: 0.22100002}
      - {x: 0.089, y: 0.22900002}
      - {x: 0.087000005, y: 0.23300001}
      - {x: 0.081, y: 0.23300001}
      - {x: 0.071, y: 0.24000001}
      - {x: 0.055000003, y: 0.24700001}
      - {x: 0.038000003, y: 0.25}
      - {x: 0.017, y: 0.256}
      - {x: -0.017, y: 0.259}
      - {x: -0.029000001, y: 0.26000002}
      - {x: -0.046000004, y: 0.26000002}
      - {x: -0.078, y: 0.257}
      - {x: -0.09200001, y: 0.259}
      - {x: -0.098000005, y: 0.25500003}
      - {x: -0.108, y: 0.252}
      - {x: -0.126, y: 0.24700001}
      - {x: -0.143, y: 0.24000001}
      - {x: -0.18100001, y: 0.22100002}
      - {x: -0.20300001, y: 0.209}
      - {x: -0.21100001, y: 0.20400001}
      - {x: -0.22100002, y: 0.193}
      - {x: -0.22600001, y: 0.192}
      - {x: -0.22600001, y: 0.18800001}
      - {x: -0.24100001, y: 0.17600001}
      - {x: -0.25800002, y: 0.17600001}
      - {x: -0.272, y: 0.171}
      - {x: -0.303, y: 0.16700001}
      - {x: -0.31500003, y: 0.16000001}
      - {x: -0.321, y: 0.164}
      - {x: -0.321, y: 0.156}
      - {x: -0.33, y: 0.15100001}
      - {x: -0.34300002, y: 0.143}
      - {x: -0.35700002, y: 0.134}
      - {x: -0.35900003, y: 0.13700001}
      - {x: -0.36200002, y: 0.13900001}
      - {x: -0.36200002, y: 0.13100001}
      - {x: -0.374, y: 0.128}
      - {x: -0.38200003, y: 0.12900001}
      - {x: -0.384, y: 0.12900001}
      - {x: -0.384, y: 0.060000002}
      - {x: -0.38000003, y: 0.055000003}
      - {x: -0.37600002, y: 0.041}
      - {x: -0.374, y: 0.038000003}
      - {x: -0.363, y: 0.027}
      - {x: -0.36200002, y: 0.018000001}
      - {x: -0.36, y: 0.014}
      - {x: -0.35200003, y: 0.008}
      - {x: -0.34, y: 0.008}
      - {x: -0.333, y: -0.002}
      - {x: -0.321, y: -0.002}
      - {x: -0.31800002, y: -0.006}
      - {x: -0.31800002, y: -0.015000001}
      - {x: -0.31500003, y: -0.025}
      - {x: -0.319, y: -0.035}
      - {x: -0.324, y: -0.053000003}
      - {x: -0.33, y: -0.055000003}
      - {x: -0.33, y: -0.07300001}
      - {x: -0.335, y: -0.082}
      - {x: -0.33400002, y: -0.086}
      - {x: -0.33400002, y: -0.13100001}
      - {x: -0.32900003, y: -0.143}
      - {x: -0.32900003, y: -0.16100001}
      - {x: -0.314, y: -0.17}
      - {x: -0.305, y: -0.16700001}
      - {x: -0.3, y: -0.17300001}
      - {x: -0.287, y: -0.186}
      - {x: -0.289, y: -0.18800001}
      - {x: -0.291, y: -0.19800001}
      - {x: -0.29700002, y: -0.20500001}
      - {x: -0.298, y: -0.22000001}
      - {x: -0.298, y: -0.23300001}
      - {x: -0.303, y: -0.245}
      - {x: -0.30400002, y: -0.25100002}
      - {x: -0.30200002, y: -0.279}
      - {x: -0.296, y: -0.29700002}
      - {x: -0.293, y: -0.3}
      - {x: -0.289, y: -0.30900002}
      - {x: -0.28500003, y: -0.305}
      - {x: -0.287, y: -0.31500003}
      - {x: -0.287, y: -0.377}
      - {x: -0.29000002, y: -0.38200003}
      - {x: -0.29000002, y: -0.384}
      - {x: 0.263, y: -0.384}
      - {x: 0.263, y: -0.377}
      - {x: 0.26200002, y: -0.37100002}
      - {x: 0.259, y: -0.35700002}
    - - {x: 0.134, y: 0.19700001}
      - {x: 0.13700001, y: 0.19800001}
      - {x: 0.13700001, y: 0.201}
      - {x: 0.134, y: 0.202}
      - {x: 0.132, y: 0.2}
    - - {x: -0.025, y: 0.26000002}
      - {x: -0.022000002, y: 0.261}
      - {x: -0.022000002, y: 0.264}
      - {x: -0.025, y: 0.26500002}
      - {x: -0.027, y: 0.263}
--- !u!1 &6572029382392366825
GameObject:
  m_ObjectHideFlags: 0
  m_CorrespondingSourceObject: {fileID: 0}
  m_PrefabInstance: {fileID: 0}
  m_PrefabAsset: {fileID: 0}
  serializedVersion: 6
  m_Component:
  - component: {fileID: 5959433047485696356}
  - component: {fileID: 7174375066051099528}
  m_Layer: 0
  m_Name: Scaler
  m_TagString: Untagged
  m_Icon: {fileID: 0}
  m_NavMeshLayer: 0
  m_StaticEditorFlags: 0
  m_IsActive: 1
--- !u!4 &5959433047485696356
Transform:
  m_ObjectHideFlags: 0
  m_CorrespondingSourceObject: {fileID: 0}
  m_PrefabInstance: {fileID: 0}
  m_PrefabAsset: {fileID: 0}
  m_GameObject: {fileID: 6572029382392366825}
  m_LocalRotation: {x: -0, y: -0, z: -0, w: 1}
  m_LocalPosition: {x: 0, y: 0, z: 0}
  m_LocalScale: {x: 0.01, y: 0.01, z: 1}
  m_Children:
  - {fileID: 4223029597448524394}
  m_Father: {fileID: 1359778844307551385}
  m_RootOrder: 0
  m_LocalEulerAnglesHint: {x: 0, y: 0, z: 0}
--- !u!114 &7174375066051099528
MonoBehaviour:
  m_ObjectHideFlags: 0
  m_CorrespondingSourceObject: {fileID: 0}
  m_PrefabInstance: {fileID: 0}
  m_PrefabAsset: {fileID: 0}
  m_GameObject: {fileID: 6572029382392366825}
  m_Enabled: 1
  m_EditorHideFlags: 0
  m_Script: {fileID: 11500000, guid: 6c320009c19f7374ea6605d9092f883f, type: 3}
  m_Name: 
  m_EditorClassIdentifier: 
  canvas: {fileID: 3237166368983506437}
--- !u!1 &6770561241657314074
GameObject:
  m_ObjectHideFlags: 0
  m_CorrespondingSourceObject: {fileID: 0}
  m_PrefabInstance: {fileID: 0}
  m_PrefabAsset: {fileID: 0}
  serializedVersion: 6
  m_Component:
  - component: {fileID: 304395397018325514}
  - component: {fileID: 4999215544925704288}
  - component: {fileID: 6480246463931000358}
  m_Layer: 5
  m_Name: TextBG
  m_TagString: Untagged
  m_Icon: {fileID: 0}
  m_NavMeshLayer: 0
  m_StaticEditorFlags: 0
  m_IsActive: 1
--- !u!224 &304395397018325514
RectTransform:
  m_ObjectHideFlags: 0
  m_CorrespondingSourceObject: {fileID: 0}
  m_PrefabInstance: {fileID: 0}
  m_PrefabAsset: {fileID: 0}
  m_GameObject: {fileID: 6770561241657314074}
  m_LocalRotation: {x: -0, y: -0, z: -0, w: 1}
  m_LocalPosition: {x: 0, y: 0, z: 0}
  m_LocalScale: {x: 1, y: 1, z: 0}
  m_Children: []
  m_Father: {fileID: 4223029597448524394}
  m_RootOrder: 0
  m_LocalEulerAnglesHint: {x: 0, y: 0, z: 0}
  m_AnchorMin: {x: 0.5, y: 0.5}
  m_AnchorMax: {x: 0.5, y: 0.5}
  m_AnchoredPosition: {x: 1, y: -1}
  m_SizeDelta: {x: 200, y: 100}
  m_Pivot: {x: 0.5, y: 0.5}
--- !u!222 &4999215544925704288
CanvasRenderer:
  m_ObjectHideFlags: 0
  m_CorrespondingSourceObject: {fileID: 0}
  m_PrefabInstance: {fileID: 0}
  m_PrefabAsset: {fileID: 0}
  m_GameObject: {fileID: 6770561241657314074}
  m_CullTransparentMesh: 0
--- !u!114 &6480246463931000358
MonoBehaviour:
  m_ObjectHideFlags: 0
  m_CorrespondingSourceObject: {fileID: 0}
  m_PrefabInstance: {fileID: 0}
  m_PrefabAsset: {fileID: 0}
  m_GameObject: {fileID: 6770561241657314074}
  m_Enabled: 1
  m_EditorHideFlags: 0
  m_Script: {fileID: 11500000, guid: 5f7201a12d95ffc409449d95f23cf332, type: 3}
  m_Name: 
  m_EditorClassIdentifier: 
  m_Material: {fileID: 0}
  m_Color: {r: 1, g: 0, b: 0, a: 1}
  m_RaycastTarget: 1
  m_Maskable: 1
  m_OnCullStateChanged:
    m_PersistentCalls:
      m_Calls: []
  m_FontData:
    m_Font: {fileID: 10102, guid: 0000000000000000e000000000000000, type: 0}
    m_FontSize: 25
    m_FontStyle: 3
    m_BestFit: 0
    m_MinSize: 0
    m_MaxSize: 100
    m_Alignment: 4
    m_AlignByGeometry: 0
    m_RichText: 1
    m_HorizontalOverflow: 0
    m_VerticalOverflow: 0
    m_LineSpacing: 1
  m_Text: Boss
